<record><leader>00000cas a22000007a 4500</leader><controlfield tag="001">24535370</controlfield><controlfield tag="008">911011d18911uuunyudn ne      0    0eng d</controlfield><datafield ind1=" " ind2=" " tag="010"><subfield code="a">sn 91066699 </subfield></datafield><datafield ind1=" " ind2=" " tag="040"><subfield code="a">NYS</subfield><subfield code="b">eng</subfield><subfield code="c">NYS</subfield><subfield code="d">OCLCQ</subfield></datafield><datafield ind1=" " ind2=" " tag="042"><subfield code="a">msc</subfield></datafield><datafield ind1="0" ind2="0" tag="245"><subfield code="a">Catskill daily press.</subfield></datafield><datafield ind1="1" ind2="3" tag="246"><subfield code="a">Daily press</subfield></datafield><datafield ind1=" " ind2=" " tag="260"><subfield code="a">Catskill, N.Y. :</subfield><subfield code="b">Gaynor &amp; Plusch,</subfield><subfield code="c">1891-</subfield></datafield><datafield ind1=" " ind2=" " tag="300"><subfield code="a">v.</subfield></datafield><datafield ind1=" " ind2=" " tag="310"><subfield code="a">Daily (except Sunday)</subfield></datafield><datafield ind1="0" ind2=" " tag="362"><subfield code="a">Vol. 1, no. 1 (May 23, 1891)-</subfield></datafield><datafield ind1=" " ind2=" " tag="500"><subfield code="a">"A summer paper devoted to the interest of Catskill and vicinity."</subfield></datafield><datafield ind1=" " ind2=" " tag="588"><subfield code="a">Latest issue consulted: Vol. 1, no. 57 (July 28, 1891).</subfield></datafield><datafield ind1=" " ind2="4" tag="651"><subfield code="a">Catskill (N.Y.)</subfield><subfield code="v">Newspapers.</subfield></datafield><datafield ind1=" " ind2=" " tag="752"><subfield code="a">United States</subfield><subfield code="b">New York</subfield><subfield code="c">Greene</subfield><subfield code="d">Catskill.</subfield></datafield><datafield ind1="1" ind2=" " tag="029"><subfield code="a">AU@</subfield><subfield code="b">000025850772</subfield></datafield></record>